<?xml version="1.0" encoding="UTF-8"?>
<record xmlns="http://www.loc.gov/MARC21/slim" xmlns:xsi="http://www.w3.org/2001/XMLSchema-instance" xsi:schemaLocation="http://www.loc.gov/MARC21/slim http://www.loc.gov/standards/marcxml/schema/MARC21slim.xsd">
<leader>     nam a2200289 a 4500</leader>
<controlfield tag="001">001683585</controlfield>
<controlfield tag="003">NNU</controlfield>
<controlfield tag="005">20061010173208.0</controlfield>
<controlfield tag="008">961112s1900    ua            000 0 ara d</controlfield>
<datafield tag="035" ind1="9" ind2=" ">
<subfield code="a">NYUb12227009</subfield>
</datafield>
<datafield tag="035" ind1=" " ind2=" ">
<subfield code="a">(NNU)NYUb12227009</subfield>
</datafield>
<datafield tag="040" ind1=" " ind2=" ">
<subfield code="a">CtY</subfield>
<subfield code="c">CtY</subfield>
</datafield>
<datafield tag="066" ind1=" " ind2=" ">
<subfield code="c">(3</subfield>
</datafield>
<datafield tag="090" ind1=" " ind2=" ">
<subfield code="a">BC59</subfield>
<subfield code="b">.S34</subfield>
</datafield>
<datafield tag="100" ind1="1" ind2=" ">
<subfield code="a">Ibn Sahlān al-Sāwī, ʻUmar,</subfield>
<subfield code="d">d. ca. 1058</subfield>
<subfield code="6">880-01</subfield>
</datafield>
<datafield tag="245" ind1="1" ind2="3">
<subfield code="6">880-02</subfield>
<subfield code="a">al-Baṣāʼir al-naṣīrīyah fī ʻilm al-manṭiq /</subfield>
<subfield code="c">taṣnīf Zayn al-Dīn ʻUmar ibn Sahlān al-Sāwī ; bi-taḥqīq Muḥammad ʻAbduh ; wa-ʻuniya bi-taṣḥīḥihi ʻAbd Allāh Ismāʻīl al-Ṣāwī.</subfield>
</datafield>
<datafield tag="260" ind1=" " ind2=" ">
<subfield code="6">880-03</subfield>
<subfield code="a">Miṣr :</subfield>
<subfield code="b">Maktabat wa-Maṭbaʻat Muḥammad ʻAlī Ṣubayḥ,</subfield>
<subfield code="c">[1900?]</subfield>
</datafield>
<datafield tag="300" ind1=" " ind2=" ">
<subfield code="a">372 p. ;</subfield>
<subfield code="c">24 cm.</subfield>
</datafield>
<datafield tag="650" ind1=" " ind2="0">
<subfield code="a">Logic.</subfield>
</datafield>
<datafield tag="650" ind1=" " ind2="0">
<subfield code="a">Islamic philosophy.</subfield>
</datafield>
<datafield tag="700" ind1="1" ind2=" ">
<subfield code="a">Ṣāwī, ʻAbd Allāh Ismāʻīl</subfield>
<subfield code="6">880-04</subfield>
</datafield>
<datafield tag="700" ind1="0" ind2=" ">
<subfield code="6">880-05</subfield>
<subfield code="a">Muḥammad ʻAbduh,</subfield>
<subfield code="d">1849-1905.</subfield>
</datafield>
<datafield tag="880" ind1="1" ind2=" ">
<subfield code="6">100-01/</subfield>
<subfield code="a">ساوي، عمر بن سهلان..</subfield>
</datafield>
<datafield tag="880" ind1="1" ind2="2">
<subfield code="6">245-02/</subfield>
<subfield code="a">البصائر النصيرية في علم المنطق /</subfield>
<subfield code="c">تصنيف زين الدين عمر بن سهلان الساوي ؛ بتحقيق محمد عبده ؛ وعني بتصحيحه عبد الله اسماعيل الصاوي.</subfield>
</datafield>
<datafield tag="880" ind1=" " ind2=" ">
<subfield code="6">260-03/</subfield>
<subfield code="a">مصر :</subfield>
<subfield code="b">مكتبة ومطبعة محمدعلي صبيح،</subfield>
<subfield code="c">[1900?]</subfield>
</datafield>
<datafield tag="880" ind1="1" ind2=" ">
<subfield code="6">700-04/</subfield>
<subfield code="a">صاوي، عبد الله اسماعيل.</subfield>
</datafield>
<datafield tag="880" ind1="0" ind2=" ">
<subfield code="6">700-05/</subfield>
<subfield code="a">محمد عبده.</subfield>
</datafield>
<datafield tag="OWN" ind1=" " ind2=" ">
<subfield code="a">GENERAL</subfield>
</datafield>
<datafield tag="998" ind1=" " ind2=" ">
<subfield code="a">20010429</subfield>
<subfield code="d">20010429</subfield>
<subfield code="d">20010429</subfield>
<subfield code="n">NNU</subfield>
<subfield code="s">6</subfield>
<subfield code="t">c</subfield>
<subfield code="z">p</subfield>
</datafield>
<datafield tag="AVA" ind1=" " ind2=" ">
<subfield code="a">NYU50</subfield>
<subfield code="b">BOBST</subfield>
<subfield code="c">Main Collection</subfield>
<subfield code="d">BC59 .S34</subfield>
<subfield code="e">unavailable</subfield>
<subfield code="t">Unavailable</subfield>
<subfield code="f">1</subfield>
<subfield code="g">1</subfield>
<subfield code="h">N</subfield>
<subfield code="i">0</subfield>
<subfield code="j">MAIN</subfield>
<subfield code="k">0</subfield>
</datafield>
</record>
